<?xml version="1.0" encoding="UTF-8"?><collection xmlns="http://www.loc.gov/MARC21/slim"><record><leader>00424nam--2200169-u-4500</leader><controlfield tag="001">000052810</controlfield><controlfield tag="002">20161230</controlfield><controlfield tag="005">20161230201050</controlfield><controlfield tag="008">101108s1000------------r-----000-0-eng-d</controlfield><datafield ind1=" " ind2=" " tag="040"><subfield code="a">IFIN-HH</subfield></datafield><datafield ind1=" " ind2=" " tag="080"><subfield code="a">535.8:771:778</subfield></datafield><datafield ind1="1" ind2=" " tag="100"><subfield code="a">Horne, D.F</subfield></datafield><datafield ind1="1" ind2="0" tag="245"><subfield code="a">Dividing, ruling and mask-making</subfield><subfield code="c">D.f. horne</subfield></datafield><datafield ind1=" " ind2=" " tag="260"><subfield code="a">London</subfield><subfield code="b">Adam Hilger Ltd</subfield><subfield code="c">1974</subfield></datafield><datafield ind1=" " ind2=" " tag="300"><subfield code="a">315 P</subfield></datafield><datafield ind1=" " ind2=" " tag="852"><subfield code="a">43093</subfield><subfield code="c">535</subfield></datafield><datafield ind1=" " ind2=" " tag="CAT"><subfield code="a">Sys</subfield><subfield code="c">20101108</subfield><subfield code="h">111952</subfield></datafield></record></collection>